<record><leader>00000cas a22000007a 4500</leader><controlfield tag="001">14703200</controlfield><controlfield tag="008">861112d191u19uutxuwr ne      0    0eng d</controlfield><datafield ind1=" " ind2=" " tag="010"><subfield code="a">sn 86090071 </subfield></datafield><datafield ind1=" " ind2=" " tag="040"><subfield code="a">PPM</subfield><subfield code="b">eng</subfield><subfield code="c">PPM</subfield><subfield code="d">OCLCQ</subfield></datafield><datafield ind1=" " ind2=" " tag="042"><subfield code="a">msc</subfield></datafield><datafield ind1="0" ind2=" " tag="130"><subfield code="a">Rosenberg herald (Rosenberg, Tex. : 1918)</subfield></datafield><datafield ind1="1" ind2="4" tag="245"><subfield code="a">The Rosenberg herald.</subfield></datafield><datafield ind1=" " ind2=" " tag="260"><subfield code="a">Rosenberg, Tex. :</subfield><subfield code="b">Mr. and Mrs. M.E. Parrott</subfield></datafield><datafield ind1=" " ind2=" " tag="300"><subfield code="a">v.</subfield></datafield><datafield ind1=" " ind2=" " tag="310"><subfield code="a">Weekly</subfield></datafield><datafield ind1=" " ind2=" " tag="588"><subfield code="a">Description based on: Jan. 4, 1918 issue.</subfield></datafield><datafield ind1=" " ind2=" " tag="752"><subfield code="a">United States</subfield><subfield code="b">Texas</subfield><subfield code="c">Fort Bend</subfield><subfield code="d">Rosenberg.</subfield></datafield><datafield ind1="0" ind2="0" tag="785"><subfield code="t">Rosenberg news-herald</subfield></datafield></record>